@misc{bianchi, author={Giuseppe Bianchi},
  title={Computer and Network Security},    
  year={2021},  
  address={Roma},
  url = {https://didatticaweb.uniroma2.it/informazioni/index/insegnamento/196395-Computer-And-Network-Security/0}
}